@inproceedings{Occupancy_Networks,
  title = {Occupancy Networks: Learning 3D Reconstruction in Function Space},
  author = {Mescheder, Lars and Oechsle, Michael and Niemeyer, Michael and Nowozin, Sebastian and Geiger, Andreas},
  booktitle = {Proceedings IEEE Conf. on Computer Vision and Pattern Recognition (CVPR)},
  year = {2019},
  doi = {}
}

@inproceedings{Peng2020ECCV,
  title = {Convolutional Occupancy Networks},
  author = {Peng, Songyou and Niemeyer, Michael and Mescheder, Lars and Pollefeys, Marc and Geiger, Andreas},
  booktitle = {Computer Vision â€“ ECCV 2020},
  volume = {3},
  pages = {523--540},
  series = {Lecture Notes in Computer Science, 12348},
  editors = {Vedaldi, Andrea and Bischof, Horst and Brox, Thomas and Frahm, Jan-Michael},
  publisher = {Springer},
  address = {Cham},
  month = aug,
  year = {2020},
  doi = {10.1007/978-3-030-58580-8_31},
  month_numeric = {8}
}

@inproceedings{Niemeyer2020CVPR,
  title = {Differentiable Volumetric Rendering: Learning Implicit 3D Representations without 3D Supervision},
  author = {Niemeyer, Michael and Mescheder, Lars and Oechsle, Michael and Geiger, Andreas},
  booktitle = { Proceedings IEEE Conf. on Computer Vision and Pattern Recognition (CVPR)},
  year = {2020},
  doi = {}
}

@inproceedings{mildenhall2020nerf,
 title={NeRF: Representing Scenes as Neural Radiance Fields for View Synthesis},
 author={Ben Mildenhall and Pratul P. Srinivasan and Matthew Tancik and Jonathan T. Barron and Ravi Ramamoorthi and Ren Ng},
 year={2020},
 booktitle={ECCV},
}

@inproceedings{yariv2021volume,
  title={Volume rendering of neural implicit surfaces},
  author={Yariv, Lior and Gu, Jiatao and Kasten, Yoni and Lipman, Yaron},
  booktitle={Thirty-Fifth Conference on Neural Information Processing Systems},
  year={2021}
}

@inproceedings{guo2022manhattan,
  title={Neural 3D Scene Reconstruction with the Manhattan-world Assumption},
  author={Guo, Haoyu and Peng, Sida and Lin, Haotong and Wang, Qianqian and Zhang, Guofeng and Bao, Hujun and Zhou, Xiaowei},
  booktitle={CVPR},
  year={2022}
}

@inproceedings{eftekhar2021omnidata,
  title={Omnidata: A Scalable Pipeline for Making Multi-Task Mid-Level Vision Datasets From 3D Scans},
  author={Eftekhar, Ainaz and Sax, Alexander and Malik, Jitendra and Zamir, Amir},
  booktitle={Proceedings of the IEEE/CVF International Conference on Computer Vision},
  pages={10786--10796},
  year={2021}
}

@inproceedings{dong2023ag3d,
  title={{AG3D}: Learning to Generate {3D} Avatars from {2D} Image Collections},
  author={Zijian Dong, Xu Chen, Jinlong Yang, Michael J.Black, Otmar Hilliges, Andreas Geiger},
  booktitle={Arxiv},
  year={2023}
}

@article{zhu2023nicer,
  title={Nicer-slam: Neural implicit scene encoding for rgb slam},
  author={Zhu, Zihan and Peng, Songyou and Larsson, Viktor and Cui, Zhaopeng and Oswald, Martin R and Geiger, Andreas and Pollefeys, Marc},
  journal={arXiv preprint arXiv:2302.03594},
  year={2023}
}

@article{gropp2020implicit,
  title={Implicit geometric regularization for learning shapes},
  author={Gropp, Amos and Yariv, Lior and Haim, Niv and Atzmon, Matan and Lipman, Yaron},
  journal={arXiv preprint arXiv:2002.10099},
  year={2020}
}



